@InProceedings{ AbeleBischoff2001,
	author = "T. Abele and V. Bischoff",
	title = "Fraktal+: Adaptability in the Age of E-Business and Networking,",
	booktitle = "Innovations for an e-Society",
	year = "2001",
	pages = "1--6",
	timestamp = "2008.12.14"
}

@Article{ BacaEtAl2007,
	author = "Miroslav Ba\v{c}a and Markus Schatten and Dinko Deranja",
	title = "Autopoietic Information Systems in Modern Organizations",
	journal = "Organizacija, Journal of Management, Informatics and Human Resources",
	year = "2007",
	volume = "40",
	pages = "157--165",
	number = "3",
	timestamp = "2008.10.05",
	url = "http://organizacija.fov.uni-mb.si/index.php/organizacija-en/article/viewFile/421/403"
}

@InProceedings{ BacaEtAl2006,
	author = "Miroslav Ba\v{c}a and Markus Schatten and Kornelije Rabuzin",
	title = "A Framework for Systematization and Categorization of Biometrics Methods",
	booktitle = "International Conference on Information and Intelligent Systems -- IIS2006 Conference Proceedings",
	year = "2006",
	editor = "Miroslav Ba\v{c}a and Boris Aurer",
	pages = "271--278",
	month = "September",
	publisher = "Faculty of Organization and Informatics",
	location = "Vara\v{z}din",
	timestamp = "2008.10.09"
}

@Book{ Baral2004,
	title = "Knowledge Representation, Reasoning and Declarative Problem Solving",
	publisher = "Cambridge University Press",
	year = "2004",
	author = "C. Baral",
	address = "Cambridge, New York, Port Melbourne, Cape Town",
	timestamp = "2008.10.09"
}

@InCollection{ Garzarelli2004,
	author = "G. Garzarelli",
	title = "Open Source Software and the Economics of Organization",
	booktitle = "Markets, Information and Communication",
	publisher = "Routledge",
	year = "2004",
	editor = "J.and Garrouste Birner",
	pages = "47--62",
	address = "London and New York",
	owner = "mschatte",
	url = "http://opensource.mit.edt/papers/garzarelli.pdf"
}

@Book{ Jennex2007,
	title = "Knowledge Management in Modern Organizations",
	publisher = "Idea Group Publishing",
	year = "2007",
	author = "M. E. Jennex",
	address = "Hershey, London, Melbourne, Singapore",
	timestamp = "2008.10.09"
}

@Book{ JohsansenSwigart2000,
	title = "Upsizing The Individual In The Downsized Corporation Managing In The Wake Of Reengineering, Globalization, And Overwhelming Technological Change",
	publisher = "Perseus Publishing",
	year = "2000",
	author = "R. Johansen and R. Swigart",
	timestamp = "2008.10.07"
}

@Article{ Jurin2006,
	author = "E. Jurin",
	title = "Blogosfera u novoj komunikacijskoj areni",
	journal = "manager.hr, Poslovni Svijet",
	year = "2006",
	volume = "XVII",
	pages = "22",
	number = "1025",
	month = "11th January 2006",
	timestamp = "2008.10.09"
}


@PhDThesis{ Bahr2009,
  author = {A. Bahr},
  title = {Cooperative Localization for Autonomous Underwater Vehicles},
  school = {Massachusetts Institute of Technology},
  year = {2009},
  address = {Cambridge, MA, USA},
  month = {February},
}

@InCollection{ Luhmann2003,
	author = "N. Luhmann",
	title = "Organization",
	booktitle = "Autopoietic Organization Theory Drawing on Niklas Luhmann's Social Systems Perspective",
	publisher = "Abstract, Liber, Copenhagen Business School Press",
	year = "2003",
	editor = "T. Bakken and T. Hernes",
	pages = "31--53",
	address = "Oslo",
	timestamp = "2008.10.05"
}

@Book{ PogacnikBloom1998,
	title = "Zmajeve linije -- energetske mre\v{z}e zemlje",
	publisher = "Quantum",
	year = "1998",
	author = "M. Poga\v{c}nik and W. Bloom",
	address = "Zagreb, Croatia",
	timestamp = "2009.01.13"
}

@MastersThesis{ Schatten2008,
	author = "Markus Schatten",
	title = "Zasnivanje otvorene ontologije odabranih segmenata biometrijske znanosti",
	school = "Faculty of Organization and Informatics",
	year = "2008",
	type = "M.Sc. diss.",
	address = "Vara\v{z}din",
	month = "January",
	institution = "University of Zagreb",
	timestamp = "2008.10.09"
}

@Manual{ HAZU2004,
	author = "...",
	title = "Deklaracija o znanju - Hrvatska temeljena na znanju i primjeni znanja",
	organization = "Hrvatska akademija znanosti i umjetnosti",
	address = "Zagreb, Croatia",
	year = "2004"
}

@TechReport{ BlonkEtAll1998,
	author = "Heico {van der Blonk} and Marleen Huysman and Edu Spoor",
	title = "Autopoiesis and the evolution of information systems",
	year = 1998,
	month = ,
	institution = "VU University Amsterdam, Faculty of Economics, Business Administration and Econometrics",
	type = "Serie Research Memoranda",
	url = "http://ideas.repec.org/p/dgr/vuarem/1998-14.html",
	number = "0014"
}

@Unpublished{ Berger2006,
	author = "S. Berger",
	title = "Pythologic -- Prolog syntax in Python",
	note = "Available at \url{http://aspn.activestate. com/ASPN/Cookbook/Python/Recipe/303057}",
	year = "2006",
	timestamp = "2008.10.09"
}

@Unpublished{ Pilgrim2006,
	author = "M. Pilgrim",
	title = "Dive into Python",
	note = "Available at \url{http://diveintopython.org/}",
	timestamp = "2006.11.19"
}